% Encoding: UTF-8
@ARTICLE{2015arXiv150705717S,
       author = {{Shi}, Baoguang and {Bai}, Xiang and {Yao}, Cong},
        title = "{An End-to-End Trainable Neural Network for Image-based Sequence Recognition and Its Application to Scene Text Recognition}",
      journal = {arXiv e-prints},
     keywords = {Computer Science - Computer Vision and Pattern Recognition},
         year = "2015",
        month = "Jul",
          eid = {arXiv:1507.05717},
        pages = {arXiv:1507.05717},
archivePrefix = {arXiv},
       eprint = {1507.05717},
 primaryClass = {cs.CV},
       adsurl = {https://ui.adsabs.harvard.edu/abs/2015arXiv150705717S},
      adsnote = {Provided by the SAO/NASA Astrophysics Data System}
}

@ARTICLE{2019arXiv190605708L,
       author = {{Lyu}, Pengyuan and {Yang}, Zhicheng and {Leng}, Xinhang and
         {Wu}, Xiaojun and {Li}, Ruiyu and {Shen}, Xiaoyong},
        title = "{2D Attentional Irregular Scene Text Recognizer}",
      journal = {arXiv e-prints},
     keywords = {Computer Science - Computer Vision and Pattern Recognition},
         year = "2019",
        month = "Jun",
          eid = {arXiv:1906.05708},
        pages = {arXiv:1906.05708},
archivePrefix = {arXiv},
       eprint = {1906.05708},
 primaryClass = {cs.CV},
       adsurl = {https://ui.adsabs.harvard.edu/abs/2019arXiv190605708L},
      adsnote = {Provided by the SAO/NASA Astrophysics Data System}
}


@article{DBLP:journals/corr/abs-1811-00751,
  author    = {Hui Li and
               Peng Wang and
               Chunhua Shen and
               Guyu Zhang},
  title     = {Show, Attend and Read: {A} Simple and Strong Baseline for Irregular
               Text Recognition},
  journal   = {CoRR},
  volume    = {abs/1811.00751},
  year      = {2018},
  url       = {http://arxiv.org/abs/1811.00751},
  archivePrefix = {arXiv},
  eprint    = {1811.00751},
  timestamp = {Tue, 14 May 2019 17:07:35 +0200},
  biburl    = {https://dblp.org/rec/bib/journals/corr/abs-1811-00751},
  bibsource = {dblp computer science bibliography, https://dblp.org}
}

@article{DBLP:journals/corr/abs-1809-06508,
  author    = {Minghui Liao and
               Jian Zhang and
               Zhaoyi Wan and
               Fengming Xie and
               Jiajun Liang and
               Pengyuan Lyu and
               Cong Yao and
               Xiang Bai},
  title     = {Scene Text Recognition from Two-Dimensional Perspective},
  journal   = {CoRR},
  volume    = {abs/1809.06508},
  year      = {2018},
  url       = {http://arxiv.org/abs/1809.06508},
  archivePrefix = {arXiv},
  eprint    = {1809.06508},
  timestamp = {Fri, 05 Oct 2018 11:34:52 +0200},
  biburl    = {https://dblp.org/rec/bib/journals/corr/abs-1809-06508},
  bibsource = {dblp computer science bibliography, https://dblp.org}
}

@article{DBLP:journals/corr/BartzYM17,
  author    = {Christian Bartz and
               Haojin Yang and
               Christoph Meinel},
  title     = {{STN-OCR:} {A} single Neural Network for Text Detection and Text Recognition},
  journal   = {CoRR},
  volume    = {abs/1707.08831},
  year      = {2017},
  url       = {http://arxiv.org/abs/1707.08831},
  archivePrefix = {arXiv},
  eprint    = {1707.08831},
  timestamp = {Mon, 13 Aug 2018 16:48:31 +0200},
  biburl    = {https://dblp.org/rec/bib/journals/corr/BartzYM17},
  bibsource = {dblp computer science bibliography, https://dblp.org}
}

@inproceedings{inproceedings,
author = {Cheng, Zhanzhan and Bai, Fan and Xu, Yunlu and Zheng, Gang and Pu, Shiliang and Zhou, Shuigeng},
year = {2017},
month = {10},
pages = {5086-5094},
title = {Focusing Attention: Towards Accurate Text Recognition in Natural Images},
doi = {10.1109/ICCV.2017.543}
}
@Comment{jabref-meta: databaseType:biblatex;}
